@misc{mrchem,
  author = {MRChem: MultiResolution Chemistry},
  title = {},
  year = 2019,
  howpublished = {https://github.com/MRChemSoft/mrchem},
  urldate = {2019-02-05}
}
@misc{mrcpp,
  author = {MRCPP: MultiResolution Computation Program Package},
  title = {},
  year = 2019,
  howpublished = {https://github.com/MRChemSoft/mrcpp},
  urldate = {2019-02-05}
}
@misc{vampyr,
  author = {VAMPyR: Very Accurate Multiresolution Python Routines},
  title = {},
  year = 2019,
  howpublished = {https://github.com/MRChemSoft/vampyr},
  urldate = {2019-02-05}
}
@misc{istcp,
  author = {ISTCP 2019},
  title = {},
  year = 2019,
  howpublished = {http://istcp-2019.org/index.html},
  urldate = {2019-02-09}
}
@misc{numpy,
  author = {NumPy},
  title = {},
  howpublished = {www.numpy.org},
  urldate = {2019-02-09}
}
@misc{scipy,
  author = {SciPy},
  title = {},
  howpublished = {www.scipy.org},
  urldate = {2019-02-09}
}
@article{frediani2013fully,
  title={Fully adaptive algorithms for multivariate integral equations using the non-standard form and multiwavelets with applications to the Poisson and bound-state Helmholtz kernels in three dimensions},
  author={Frediani, L and Fossgaard, E and Fl{\aa}, T and Ruud, K},
  journal={Molecular Physics},
  volume={111},
  number={9-11},
  pages={1143--1160},
  year={2013},
  publisher={Taylor \& Francis}
}
@inproceedings{harrison2003multiresolution,
  title={Multiresolution quantum chemistry in multiwavelet bases},
  author={Harrison, Robert J and Fann, George I and Yanai, Takeshi and Beylkin, Gregory},
  booktitle={International Conference on Computational Science},
  pages={103--110},
  year={2003},
  organization={Springer}
}
